3348 5248
662 399 880 463 ..45-

228 599 256 661 3.
279 593 354 657 Das
378 593 602 656 Verhitltnis
628 592 693 656 der
713 568 968 676 Philosophia
990 612 1036 655 zu
1061 591 1134 656 den
1159 591 1323 675 librigen

450 699 789 766 wissenschaften
814 699 890 762 und
913 699 1097 763 Kiinsten.

222 826 354 908 perege:
392 825 456 888 ore.
478 825 569 888 nort.
591 827 643 906 aa,
667 828 717 891 24.
747 823 813 887 oar.
830 829 924 907 prou.
941 824 1023 888 xiv
1046 828 1129 908 par
1145 824 1267 888 narbo.
1287 787 1417 888 'namu

130 940 228 1017 protr.
241 933 273 995 ΙΙ
296 952 325 1015 p.
341 937 391 1012 10,
408 936 496 999 4-6
513 931 591 994 Pist.

223 1039 441 1102 Poseidonios’
455 1040 592 1102 Ansicht
609 1038 690 1101 liber
706 1037 758 1101 dic
773 1039 967 1122 Bedeutung
983 1039 1040 1101 der
1051 1038 1175 1101 Kiinste
1192 1036 1260 1100 und
1272 1038 1417 1100 Wissen-

37 1144 46 1176 ·’
139 1148 285 1211 schaiten
315 1145 417 1209 bietet
447 1166 508 1208 uns
538 1146 714 1208 wiederum
743 1145 866 1210 Seneca
893 1149 952 1228 (ep.
970 1149 1020 1227 88,
1038 1144 1226 1229 21—24)¹):
1262 1145 1420 1221 Quattuor

137 1257 183 1317 ait
206 1265 276 1318 esse
300 1254 417 1316 artium
434 1252 636 1316 'Posidonius
664 1272 795 1336 genera:
828 1259 903 1316 sunt
929 1254 1081 1335 vulgares
1104 1260 1135 1317 et
1158 1252 1313 1335 sordidae,
1344 1254 1419 1315 sunt

133 1360 286 1442 ludicrae,
318 1360 402 1422 sund
434 1359 584 1443 pueriles,
615 1362 692 1423 sunt
720 1359 876 1427 liberales.
922 1360 1108 1443 Vulgares
1139 1361 1301 1443 opiticum,
1334 1379 1415 1442 quae

135 1488 233 1531 manu
251 1472 398 1531 constant
410 1517 416 1529 .
427 1518 432 1528 .
445 1517 450 1530 .
461 1465 652 1530 Ludicrae
669 1474 752 1549 sunt,
776 1487 858 1551 quae
875 1469 912 1530 ad
932 1469 1125 1551 voluptatem
1144 1467 1308 1530 oculorum
1326 1471 1422 1548 atque

136 1575 262 1638 aurium
294 1574 432 1637 tendunt
448 1626 454 1636 .
471 1624 478 1637 .
496 1625 502 1638 .
523 1574 701 1638 Pueriles
731 1579 807 1638 sunt
839 1578 871 1638 ct
900 1575 1022 1657 aliquid
1052 1576 1206 1638 habentes
1235 1572 1422 1637 liberalibus

136 1682 240 1744 sinrile
260 1683 319 1745 hae
336 1685 432 1763 artes,
453 1702 532 1764 quas
549 1679 727 1763 ἐγκυκλίους
744 1682 866 1764 Graeci,
889 1683 991 1746 nostri
1007 1684 1114 1746 autem
1129 1681 1277 1744 liberales
1294 1685 1418 1744 vocant.

137 1789 229 1853 Solae
254 1793 360 1852 autern
383 1788 570 1853 liberales
593 1793 677 1871 sunt,
701 1791 807 1870 imino,
832 1792 867 1852 ut
883 1789 985 1854 dicam
1005 1791 1122 1871 verius,
1145 1788 1275 1868 liberae,
1300 1787 1418 1869 quibus

140 1916 236 1960 curae
267 1896 370 1958 virtus
403 1901 458 1958 est.
504 1896 595 1960 Naoh
625 1896 835 1960 Poseidonios
865 1895 937 1959 sind
968 1899 1050 1960 artes
1083 1897 1233 1977 ludicrae,
1267 1913 1349 1977 quae
1381 1894 1421 1956 ad

139 2003 334 2086 voluptatem
358 2003 523 2066 oculorum
547 2009 642 2085 atque
669 2005 795 2067 aurium
824 2001 969 2084 tendunt,
1000 2004 1066 2067 also
1091 2003 1175 2066 wohl
1199 2003 1281 2066 auch
1305 2000 1421 2064 Bild-

122 2111 311 2197 ·hauerei,
328 2109 502 2191 Malerei,
518 2110 652 2172 Musilr.
676 2110 706 2173 N
709 2130 752 2172 un
768 2111 909 2173 schreibt
921 2111 1043 2175 Seneca
1055 2129 1102 2193 ep.
1112 2113 1226 2191 88,18:
1245 2108 1318 2172 Non
1335 2109 1420 2170 enim

139 2216 290 2297 adducor,
300 2217 378 2278 utin
391 2236 561 2279 numerum
570 2216 752 2280 liberalium
762 2217 878 2280 artium
892 2217 1060 2300 pictores
1070 2217 1232 2300 recipiam,
1243 2235 1305 2278 non
1317 2215 1421 2297 magis

141 2344 238 2407 quam
262 2324 473 2386 statuarios
497 2325 552 2387 aut
574 2325 843 2387 marmorarios
867 2330 923 2387 aut
946 2326 1069 2389 ceteros
1087 2324 1236 2388 luxuriae
1256 2324 1420 2385 ministros

139 2431 208 2494 und
221 2432 368 2513 ep.88,9:
383 2430 435 2492 Ad
449 2432 636 2494 musicum
649 2435 789 2494 transeo:
802 2432 897 2494 doces
910 2451 969 2514 me,
983 2431 1144 2513 quomodo
1160 2433 1244 2494 inter
1260 2449 1294 2492 sc
1311 2431 1423 2493 acutae

32 2546 36 2562 '
141 2559 179 2602 ac
191 2534 304 2620 gra'ves
313 2554 447 2604 <voces>
459 2541 650 2602 consonent.
660 2588 666 2600 .
676 2561 698 2600 .:
712 2536 763 2602 fac
773 2540 887 2621 potius,
901 2540 1061 2622 quomodo
1073 2541 1198 2603 animus
1211 2557 1320 2603 secum
1331 2555 1423 2599 meus

147 2647 301 2708 consonet
316 2664 378 2707 nec
394 2646 528 2708 consilia
543 2665 616 2709 mea
630 2646 821 2729 discrepent.
845 2647 888 2708 Es
902 2648 942 2710 ist
957 2646 1023 2709 also
1039 2648 1116 2728 ilar,
1134 2645 1194 2709 dall
1207 2665 1243 2710 er
1255 2645 1338 2708 auch
1354 2645 1425 2706 hier

141 2751 361 2815 Poseidonios'
375 2751 530 2836 Meinung
541 2753 629 2835 folgt.
650 2751 794 2827 Kaibel’)
806 2753 873 2816 und
885 2755 930 2815 im
938 2754 1107 2817 Anschlull
1121 2774 1161 2816 an
1172 2755 1230 2816 ilrn
1243 2747 1424 2832 Rainfurt³)

142 2859 246 2921 haben
270 2860 348 2921 zwei
369 2858 487 2922 Stellen
512 2860 570 2921 mit
591 2860 939 2924 Seneca-Poseidonios
962 2863 996 2922 in
1016 2860 1232 2942 Verbindung
1254 2859 1425 2943 gebracht:

225 2987 255 3061 a)
278 2984 344 3046 Gal.
361 2987 456 3066 protr.
472 3005 501 3066 p.
515 2988 558 3050 22
580 2985 709 3048 Kaibel:
735 2983 817 3049 ἀλλὰ
837 2986 938 3072 διττῆς
954 2983 1047 3070 οὔσης
1064 2986 1215 3070 διαφορᾶς
1230 2996 1286 3072 τῆς
1304 2987 1426 3068 πρώτης

278 3088 309 3151 ἐν
333 3101 398 3162 ταῖς
421 3087 545 3174 τέχναις
568 3090 656 3172 (ἔνιαι
682 3095 736 3174 μὲν
760 3095 818 3175 γὰρ
844 3089 941 3155 abaco
966 3095 1086 3171 λογικαί
1108 3093 1133 3154 τ’
1150 3090 1207 3155 εἰσὶ
1230 3094 1283 3156 καὶ
1306 3095 1424 3175 σεμναί,

277 3199 354 3268 τινὲς
379 3197 407 3259 δ’
431 3192 719 3283 εὐκαταφρόνητοι.
740 3252 746 3264 .
766 3204 808 3273 ,1.
829 3251 834 3261 .
860 3197 941 3266 ,εἰσὶ
965 3199 992 3260 δ’
1017 3197 1052 3264 ἐκ
1075 3203 1298 3282 τοῦ“προτέρου
1323 3196 1427 3279 γένους

278 3302 400 3387 ἰατρική
429 3308 538 3367 τεκαὶ
561 3301 709 3389 ῥητορικὴ
733 3309 786 3368 καὶ
811 3311 984 3392 μουσική,
1012 3311 1180 3390 γεωμετρία
1204 3309 1313 3368 τεκαὶ
1337 3302 1426 3388 ἀριθ-

278 3413 389 3494 μητικὴ
414 3415 465 3474 καὶ
482 3413 649 3497 λογιστική,
674 3416 727 3474 καί
745 3409 930 3497 ἀστρονομία
946 3417 998 3477 καὶ
1014 3416 1213 3498 γραμματικὴ
1230 3417 1284 3475 καὶ
1300 3417 1424 3498 νομική·

280 3516 418 3599 πρόσθες
442 3517 469 3579 δ’
493 3516 519 3581 εἰ
544 3519 647 3600 βοὺλει
672 3520 796 3589 ταοταις
820 3521 1023 3604 πλαστικήν
1048 3543 1079 3582 τε
1102 3524 1157 3584 καὶ
1179 3524 1374 3606 γραφικήν.

223 3624 254 3703 b)
278 3624 381 3686 Schol.
405 3623 498 3687 Dion.
522 3625 631 3690 Thrac.
660 3645 690 3708 p.
710 3629 773 3692 112
796 3626 946 3709 Hilgard:
979 3623 1051 3690 Ἔτι
1075 3627 1202 3694 <δὲ>
1231 3638 1288 3690 τῶν
1312 3637 1426 3708 τεχνῶν

277 3727 311 3792 αἱ
335 3729 388 3813 μέν
413 3728 471 3793 εἰσι
495 3734 653 3813 βάναυσοι,
680 3728 713 3794 αἱ
729 3733 762 3795 δὲ
779 3730 933 3813 ἑγκυκλιοι
951 3787 957 3799 .
976 3786 983 3798 .
1003 3787 1008 3798 .
1030 3788 1034 3800 .
1060 3733 1215 3814 ἐγκυκλιοι
1231 3732 1267 3796 δέ
1282 3731 1364 3804 εἰσιν,
1390 3733 1428 3801 ἃς

280 3836 352 3900 ἔνιοι
383 3839 509 3920 λογικὰς
538 3842 695 3909 καλοῦσιν,
725 3836 790 3921 Ιοἷον
815 3837 1011 3924 ἀστρονομία,
1043 3847 1223 3925 γεωμετρία,
1254 3844 1428 3924 μουσική,

280 3945 453 4029 φιλοσοφία,
478 3942 611 4031 ἰατρική,
635 3951 843 4031 γραμματική,
870 3942 1026 4033 ῥητορική.

238 4121 258 4188 ¹)
276 4119 335 4188 Vgl.
349 4121 416 4174 auch
435 4120 535 4187 Hirzel,
554 4121 619 4174 Unt.
631 4121 660 4175 ll
678 4122 703 4176 S.
715 4124 767 4178 525
786 4124 817 4176 A.
829 4124 858 4188 13
877 4123 991 4189 Usener,
1010 4123 1252 4191 Sitzungsberichte
1270 4124 1320 4177 der
1333 4123 1428 4189 Bayer.

147 4209 195 4264 Al.
207 4209 276 4263 1892
289 4209 314 4262 S.
326 4210 390 4275 580,
414 4209 531 4276 Norden,
550 4210 642 4263 Jahrb.
653 4212 672 4264 1.
684 4210 759 4264 class.
769 4211 838 4265 Phil.
853 4211 940 4279 Suppl,
951 4213 984 4266 19
994 4213 1087 4282 (1893)
1096 4212 1122 4265 S.
1133 4214 1186 4266 418
1198 4215 1229 4266 A.
1242 4214 1270 4278 13
1290 4211 1429 4265 Schmekel

147 4298 173 4352 S.
184 4298 235 4352 276
245 4298 291 4364 11.;
319 4297 412 4351 Kaibel
440 4299 467 4351 in
492 4299 581 4352 seiner
601 4300 723 4368 husgabc
748 4317 800 4353 von
826 4301 923 4356 Galens
948 4301 1128 4369 Protreptilros
1147 4301 1173 4355 S.
1183 4302 1217 4355 39
1227 4301 1273 4368 fl,
1299 4300 1429 4368 Sudhaus,

148 4377 219 4441 litua
237 4386 381 4454 8.14011.;
400 4387 527 4442 Mathilde
547 4387 627 4456 Apelt
645 4389 670 4442 S.
682 4390 733 4443 118
753 4390 785 4442 ff.

239 4476 259 4543 ²)
279 4476 333 4529 Gal.
348 4477 432 4530 Protr.
452 4477 477 4530 S.
488 4479 531 4531 44.

239 4565 260 4633 8)
279 4565 348 4618 Diss.
369 4566 448 4619 841.
