3348 5248
666 426 886 489 ..53-

136 633 194 684 τῶν
207 619 376 706 ἐπιθυμιῶν
390 618 456 704 εἴδη
467 623 561 705 τρὲφη
574 623 628 682 καί
638 621 816 702 τιθασσευη,
835 621 872 682 τά
885 618 918 680 δὲ
931 617 1022 701 άγρια
1036 617 1203 701 ἀποκωλίνη
1217 621 1350 704 φύεσθαι
1365 671 1370 682 .
1388 674 1393 686 .
1410 671 1416 684 .

132 730 202 812 (aus
225 727 315 790 Plato
333 727 372 790 de
388 745 452 809 rep.
470 725 520 788 IX
537 729 601 792 589
617 725 656 806 B)
680 725 747 789 und
763 746 792 808 p.
808 729 860 806 43,
878 726 976 792 20ff.:
1001 728 1038 788 τὸ
1056 736 1202 809 φρονεῖν
1218 724 1280 808 ἄρα
1303 729 1356 788 καὶ
1380 726 1417 789 τό

133 838 289 916 θεωρεῖν
321 833 408 916 ἔργον
439 843 494 919 της
523 830 634 918 ἀρετης
665 829 727 895 ἐστι
757 837 810 896 καὶ
840 842 944 896 τοῦτο
976 837 1115 898 πάντων
1140 830 1237 896 ἐστὶν
1264 829 1417 913 αἱρετοί)-

134 961 243 1004 τατον
268 951 348 1012 τοῖς
372 937 634 1022 ἀνθρώποις..
654 989 660 1000 .
680 993 686 1005 .

224 1048 292 1112 Αυί
314 1048 393 1110 zwei
418 1048 535 1110 andere
559 1045 738 1110 Parallelen
761 1045 877 1110 in'der
900 1047 1153 1130 protreptisehen
1175 1046 1349 1110 Litteratur
1370 1047 1418 1109 sei

26 1203 28 1211 1
135 1157 219 1220 noch
242 1156 428 1235 verwiesen,
453 1154 590 1217 nfimlieh
1443 1153 1445 1156 ’

215 1286 241 1346 1.
266 1280 322 1343 auf
345 1279 461 1342 Galens
483 1279 701 1361 Protreptikoe
717 1299 746 1361 p.
759 1284 785 1359 1,
803 1281 910 1344 9-11
925 1277 1053 1340 Kaibel:
1078 1280 1120 1340 τὰ
1144 1231 1207 1362 μὲν
1231 1279 1298 1360 γὰρ
1322 1275 1417 1340 ἄλλοι

272 1389 343 1466 ζῷα
368 1385 478 1468 σχεδον
503 1384 618 1468 ἄτεχνα
642 1386 729 1449 πάντ’
754 1383 816 1448 ἐστι
839 1387 919 1470 πλὴν
940 1381 1048 1465 ὀλίγων
1071 1385 1110 1469 δή
1131 1405 1218 1448 τινων
1239 1381 1271 1446 ἐν
1288 1379 1416 1464 ὀλίγοις;

146 1539 149 1545 ·
271 1497 446 1576 p.2,6—7:
465 1490 481 1556 ὁ
498 1491 693 1576 ἄνθρωπος
710 1492 821 1577 μόνος
837 1489 1019 1576 ὀνομάζεται
1035 1494 1198 1572 λογικός;
1216 1512 1244 1574 p.
1254 1494 1415 1573 2,8-10:

146 1651 150 1654 -
272 1599 345 1672 Πῶς
361 1597 413 1664 οὖν
430 1597 486 1662 οὐκ
502 1598 641 1684 αἰσχρόν,
659 1598 683 1682 ᾧ
700 1605 782 1684 μόνῳ
798 1610 865 1662 τῶν
882 1597 918 1662 ἐν
934 1596 1019 1684 ἡμῖν
1035 1609 1282 1684 κοινωνοῦμεν
1298 1600 1430 1669 θεοῖς,

270 1691 374 1770 τοίντου
385 1711 439 1790 μὲν
448 1705 584 1792 ἀμελεῖν,
597 1703 820 1784 ἐσπουδακέναι
829 1707 862 1768 δὲ
871 1713 938 1789 περί
949 1730 975 1769 τι
984 1717 1042 1768 τῶν
1051 1705 1167 1771 ι’ίλλωνι
1176 1727 1205 1789 p.
1214 1709 1263 1786 12,
1272 1709 1309 1770 11
1318 1708 1415 1770 245:

270 1819 302 1877 τὸ
324 1815 369 1900 ’δὴ
398 1825 456 1876 τῶν
485 1811 656 1896 ἀνθρώπων
680 1819 777 1894 γένος,
803 1811 827 1875 ὦ
851 1813 969 1884 παῖδες,
998 1811 1229 1877 ἐπικοινωνεῖ
1251 1815 1357 1882 θεοῖς
1381 1833 1416 1874 τε

270 1925 333 1984 καί
356 1932 433 1990 τοῖς
458 1918 607 2002 ἀλόγοις
631 1925 852 2004 ζῴοις,·τοῐς
868 1924 930 2003 μὲν
955 1920 1040 1982 καθ’
1060 1916 1145 1982 ὅσον
1162 1917 1309 2000 λογικόν
1326 1915 1415 1987 ἐστι,

270 2039 345 2099 τοῖς
375 2028 413 2090 δὲ
443 2029 529 2091 καθ’
557 2025 640 2090 ὅσον
671 2027 818 2112 θνητόν.
868 2023 993 2090 Βέλτιον
1025 2022 1076 2088 οὖν
1106 2025 1168 2088 ἐστι
1197 2035 1252 2111 της
1280 2027 1356 2106 πρὸς
1379 2026 1417 2086 τά

269 2139 426 2218 κρείττονα
449 2140 610 2206 κοινωνίας
635 2132 861 2218 αἰσθανόμενον
885 2130 1135 2218 ἐπιμελησασθαι
1159 2132 1310 2202 παιδείας.

217 2265 245 2326 2.
270 2260 326 2322 auf
342 2259 433 2342 Greg.
450 2259 580 2322 Thaum.
597 2278 708 2342 paneg.
727 2259 761 2320 in
775 2257 860 2341 Orig.
874 2258 920 2320 VI
935 2262 976 2325 76
989 2258 1018 2321 S.
1034 2259 1075 2324 15
1091 2257 1286 2320 Koetschau:
1309 2257 1417 2319 πολλοὶ

271 2367 304 2428 δὲ
318 2363 409 2437 οὗτοι,
426 2363 491 2429 ὅσοι
508 2368 735 2450 θρεμμάτων
751 2365 856 2450 δίκην
873 2367 1095 2449 τυρλώττοντες
1106 2368 1155 2429 τὸν
1170 2373 1247 2441 νοῦν,
1266 2361 1329 2426 οὐδ’
1343 2360 1415 2425 αὐτὸ

269 2483 364 2536 τοῦτο·
386 2469 461 2554 ὅπερ
492 2469 567 2535 εἰσὶν
590 2469 763 2554 ἐγνωκότες,
796 2469 899 2553 ὥσπερ
928 2469 1034 2552 ἄλογοι
1058 2472 1287 2554 πεπλανημένοι
1306 2519 1414 2536 .....

142 2611 146 2616 -
270 2590 331 2643 τοῦ
354 2583 580 2662 κυριωτάτου
603 2590 669 2646 τῶν
694 2577 730 2642 ἐν
754 2576 840 2664 ἡμῖν
865 2578 976 2658 λόγου
1000 2577 1274 2663 ἀμελήσαντας.

225 2703 294 2767 Dass
322 2703 438 2788 gerade
467 2705 545 2786 hier,
577 2725 624 2767 wo
653 2725 716 2767 nur
744 2705 797 2768 ein
820 2703 935 2786 grober
957 2703 1072 2767 Urnriss
1098 2723 1161 2766 von
1193 2703 1249 2765 der
1273 2704 1332 2764 Art
1361 2702 1417 2762 des

118 2811 292 2894 ‘Origenes
316 2830 373 2874 zur
396 2811 603 2894 Philosophie
634 2830 815 2893 anzuregen
846 2810 988 2892 gegeben
1013 2808 1102 2891 wird‚
1134 2809 1185 2871 die
1216 2807 1342 2889 niedrig
1366 2827 1419 2889 ge-

136 2919 264 2981 sinnten
290 2919 462 2982 Mensehen
490 2917 552 2980 den
574 2919 689 2981 Tieren
720 2917 905 2997 verglichen
937 2917 1064 2978 werden
1089 2915 1156 2978 und
1181 2915 1233 2978 die
1256 2915 1420 2978 Vernunft

136 3025 183 3088 als
207 3023 261 3088 das
286 3025 504 3088 Wesentliche
529 3045 569 3086 an
593 3045 653 3086 uns
685 3023 853 3106 gepriesen
883 3021 971 3101 wird,
1002 3023 1093 3102 zeigt,
1124 3020 1184 3083 dass
1214 3040 1247 3084 es
1271 3021 1340 3083 sich
1365 3040 1418 3082 um

136 3133 367 3214 protreptisehe
400 3131 638 3213 Gemeinpletze
669 3129 808 3191 handelt.
855 3128 937 3192 Jene
961 3128 1117 3192 Parallele
1141 3129 1174 3188 in
1200 3127 1317 3189 Galens
1340 3127 1418 3188 Pro-

136 3239 291 3320 treptikos
321 3239 397 3301 aber
425 3239 466 3300 iet
495 3258 546 3299 um
578 3257 613 3299 so
642 3237 733 3299 mehr
765 3255 826 3297 von
859 3234 1073 3317 Bedeutung,·
1093 3235 1139 3297 als
1167 3233 1324 3314 Rainfurt‚
1357 3233 1418 3296 wie

136 3345 254 3408 bereits
288 3346 436 3425 ονπῖῖλυί,
470 3344 604 3406 manche
636 3341 885 3429 Poseidonische
915 3342 1082 3406 Elemente
1114 3343 1148 3403 in
1177 3339 1297 3404 diesem
1327 3341 1416 3403 Bueh

136 3452 380 3534 naehgewiesen
405 3452 465 3512 hat.

225 3557 340 3638 Einige
365 3547 573 3619 Ahnlichkeit
604 3557 661 3620 mit
691 3575 839 3620 unserem
864 3561 955 3627 τόπος
986 3556 1069 3638 κυίμί
1097 3556 1179 3618 auch
1209 3555 1266 3618 der
1288 3555 1418 3638 Anfang

137 3664 194 3726 der
210 3663 330 3726 schrift
352 3667 421 3744 περὶ
436 3668 567 3746 κόσμους
593 3660 751 3735 Πολλάκις
776 3667 830 3748 μὲν
854 3661 956 3748 ἐ’μοιγε
976 3665 1081 3726 θεῖόν
1097 3685 1128 3724 τι
1144 3666 1207 3724 καὶ
1224 3661 1417 3746 δαιμόνιον

137 3769 249 3840 ὄντως
279 3780 404 3855 χρῆμα
424 3819 559 3833 ......
589 3768 609 3857 ἡ
634 3772 798 3856 φιλοσορία
829 3768 929 3840 ἔδοξεν
961 3767 1048 3841 εἶναι,
1078 3772 1210 3852 μάλιστα
1242 3769 1275 3830 δὲ
1308 3767 1338 3830 ἐν
1371 3765 1417 3840 οἷς

68 3943 71 3948 ,
140 3875 230 3960 μόνη
255 3877 462 3960 διαραμενη
487 3880 563 3958 πρὸς
586 3879 640 3961 τὴν
664 3885 721 3939 τῶν
745 3874 824 3940 ὅλων
847 3878 926 3938 θέαν
951 3873 1120 3939 ἐσπουδασε
1144 3885 1278 3955 γνῶναι
1302 3871 1417 3958 τὴνέν

16 3972 36 4030 ,ss
138 3978 264 4050 αὐτοῖς
296 3979 494 4068 ἀληθειαν,
523 3987 577 4046 καὶ
604 3994 661 4046 των
691 3981 793 4047 ἄλλων
822 3985 933 4068 ταυτης
957 3980 1151 4047 ἀποστάντων
1179 3985 1240 4046 διὰ
1266 3985 1304 4044 τὸ
1328 3977 1418 4064 ὕψος
1527 4061 1529 4066 Ι

137 4093 201 4152 καί
228 4093 265 4153 τὸ
295 4093 467 4174 μέγεθος,
499 4087 575 4174 αὕτη
604 4094 636 4152 τὸ
668 4100 793 4172 πρᾶγμα
825 4085 881 4152 ουκ
911 4088 1025 4153 ἐ’δεισεν
1050 4087 1113 4152 ουδ’
1143 4085 1236 4174 αὑτὴν
1260 4099 1319 4150 τῶν
1342 4090 1417 4150 καλ-

139 4199 247 4260 λίστων
271 4195 453 4282 ἀπηξίωσεν,
479 4195 561 4262 άλλά
585 4202 637 4259 καί
662 4202 954 4281 συγγενεστάτην
980 4193 1093 4279 ἑαυτη
1117 4199 1171 4258 καὶ
1193 4196 1324 4278 μάλιστα
1342 4190 1416 4276 πρέ·

137 4325 252 4368 πουσαν
278 4303 446 4389 ἐνόμισεν
472 4302 548 4366 εἶναι
572 4307 626 4389 την
648 4303 771 4366 ἐκείνων
790 4305 936 4389 μάθησιν.
975 4299 1247 4385 Wilh.0apess01)
1271 4302 1417 4364 verweist

137 4430 196 4472 zur
218 4411 432 4493 Erleuterung
456 4411 562 4474 dieser
582 4410 755 4477 Gedanken
779 4409 952 4474 besonders
976 4411 1059 4473 auch
1083 4410 1137 4472 auf
1155 4409 1216 4471 'das
1232 4408 1417 4470 Proemium

136 4534 167 4541 ἓν
179 4537 348 4546 --.--,-.---

227 4586 247 4655 1)
266 4587 298 4640 N.
313 4587 403 4640 Jahrb.
418 4589 436 4639 f.
451 4589 474 4639 d.
489 4588 566 4641 klase
580 4587 632 4640 Alt.
647 4589 681 4641 15
701 4587 793 4656 (1905)
812 4587 901 4664 &533
911 4587 942 4638 ff.
974 4586 1032 4654 Vgl.
1047 4585 1114 4637 aueh
1133 4583 1300 4638 Badstiibner
1318 4582 1344 4635 S.
1357 4585 1399 4638 11.
