3348 5248
787 391 1008 454 ..40-

817 579 874 633 cal.
894 583 982 649 protr..
1147 628 1149 632 ,
1191 582 1285 637 Bcelh.
1306 600 1376 638 cons.
1397 583 1461 653 phil.

745 686 813 739 VIII
836 694 860 754 pL
876 688 893 740 9
912 688 944 741 Κ.
977 685 1083 757 ἄμεινον
1141 691 1369 745 III8.Numenim
1382 691 1538 760 elephan-

710 771 754 826 οὖν
773 773 840 826 ἐστιν
860 775 1008 847 ἐγνωκότας
1025 776 1083 847 τὴν
1111 782 1161 834 tos
1191 779 1273 833 mole
1304 781 1393 834 lauros
1424 781 1539 834 robore

624 877 629 886 ·
709 865 766 934 μὲν
806 871 865 915 τῶν
902 864 1084 936 μειρακίων
1112 884 1239 936 superare
1248 857 1447 937 potentianum
1457 871 1539 939 tigres

690 951 800 1023 1ὥροιν
831 959 909 1014 τοῖς
941 953 1083 1025 ἠρινοῖς
1112 958 1291 1012 velocitate
1314 959 1537 1027 praeibitisl...

710 1039 857 1094 ἄνθεσιν
923 1043 1084 1096 ἐοικυῖαν
1112 1048 1538 1102 Formaeveronitorutra-

710 1129 938 1202 ὀλιγοχρόνιον
963 1151 994 1184 τε
1026 1134 1083 1206 τὴν
1112 1136 1207 1204 pidus
1220 1140 1304 1190 estut
1317 1120 1413 1191 velox
1427 1139 1538 1192 eluer-¹

256 1219 313 1272 οὔτε
335 1222 512 1292 σώματος
535 1222 681 1282 κάλλος
710 1220 822 1292 τέρψιν
839 1219 986 1294 ἔχουσαν
1009 1222 1083 1275 ἕποιο·
1112 1224 1538 1281 naliumllorummutabili-

255 1312 314 1362 aul
351 1308 453 1381 ἰσχὺς
486 1310 589 1381 δειλῷ
710 1319 797 1366 νείν.·.
818 1355 850 1366 ..
1112 1306 1367 1384 latefugaciorl
1391 1316 1538 1384 Quodsi,

255 1401 301 1453 aul
326 1399 527 1471 λπιφανὲοτερον
550 1406 620 1451 ποιεῖ
639 1401 682 1451 τὸν
746 1403 787 1458 IX
800 1419 824 1470 p.
837 1403 870 1458 12
890 1403 922 1472 Κ.
961 1399 1010 1462 Τὶς
1032 1405 1084 1473 γὰρ
1111 1406 1142 1457 ut
1164 1390 1320 1458 Aristolelcs
1346 1407 1390 1474 ail,
1415 1407 1539 1476 Lyncei

256 1487 353 1560 ἔχοντα
373 1533 378 1544 ,
398 1529 431 1544 ..
458 1483 494 1540 ὧν
517 1477 596 1541 ἔνενοι1
711 1490 823 1545 λεόντων
850 1490 871 1562 ἢ
898 1491 1083 1562 ἐλεφάντων
1112 1493 1217 1548 oculis
1237 1495 1384 1549 homines
1403 1488 1537 1548 uteren-

255 1579 455 1651 προθυμίαν
484 1580 682 1650 πειρᾶοθαι
711 1579 951 1652 ἀλκιμώτερος,
988 1580 1026 1643 τίς
1061 1580 1083 1633 δ’
1112 1585 1537 1650 lur,ute0runrvisusobslan-

257 1667 682 1740 δεῖέχειν,ὃπωςμὰλιοτα
711 1670 871 1741 ὠκύτερος
896 1675 1018 1744 hermem
1112 1674 1148 1726 tia
1166 1676 1341 1741 penetraret.
1364 1717 1396 1728 ..

168 1773 172 1781 ’
258 1760 318 1829 μὲν
343 1757 603 1829 ὁπερβαλεῐταὶ
630 1777 681 1820 τις

256 1847 682 1919 τοὺςπρόοθονπρογόνοος

257 1933 404 2004 εὐκλείᾳ·
521 1931 606 1991 εἶναι
625 1939 682 2008 μὲν

255 2043 319 2097 γαρ
345 2029 449 2096 τομὰς
471 2017 603 2097 γονέων
627 2027 682 2078 ὲν-

256 2116 367 2186 γὸνοις
386 2114 489 2176 καλὸς
507 2116 682 2188 θησαυρὸς

255 2203 310 2254 ναὶ
329 2202 627 2277 μεγαλοπρεπής·.
649 2247 681 2260 ..

256 2293 288 2346 τὰ
306 2294 359 2364 γὰρ
380 2292 429 2345 ὑπὸ
448 2301 499 2345 τῶν
514 2293 621 2347 πολλῶν
634 2298 682 2346 λε-

255 2381 355 2452 Ιμόρεενοι
389 2381 485 2452 ἀγαθὰ
516 2382 563 2435 οὐν
593 2382 682 2455 ὀρθῶς

256 2469 370 2541 λέγεται.

344 2723 539 2786 Interessanl
578 2727 633 2806 ist,
673 2717 744 2788 dall
773 2725 873 2789 Galen
912 2727 972 2791 wie
1012 2726 1174 2790 Jamblioh
1214 2727 1276 2810 den,
1311 2726 1536 2792 Plalonischeu

256 2829 453 2894 Menexenus
477 2832 509 2892 in
527 2832 600 2894 dem
616 2832 744 2916 Kapitel
768 2833 848 2895 iiber
872 2833 923 2895 die
948 2829 1084 2912 εὐγένεια
1108 2833 1310 2896 verweudeu.
1341 2833 1424 2896 Man
1446 2835 1536 2915 sicht,

257 2937 316 2999 wic
347 2938 422 3000 sehr
454 2939 522 3001 sich
559 2939 609 3002 die
640 2938 1023 3023 Proheplihosschreiber
1056 2940 1090 3002 in
1129 2940 1365 3004 traditionellcn
1404 2941 1537 3004 Bahnen

256 3044 416 3126 beuegcu.
457 3046 529 3108 Von
554 3047 615 3109 den
634 3050 752 3128 'Augen
778 3048 833 3111 des
853 3047 1007 3128 Lynheus
1031 3049 1153 3130 sprioht
1174 3047 1537 3111 Aristotcles-Jambhch

256 3152 316 3214 uie
340 3151 501 3214 Boethius.
549 3153 630 3216 lliue
655 3154 752 3217 Slelle
775 3156 810 3216 iu
834 3155 971 3218 Senecas
995 3153 1127 3217 Briefen
1151 3156 1236 3236 (124,
1253 3155 1363 3228 mul,
1387 3175 1435 3217 wo
1463 3174 1537 3218 man

149 3328 152 3335 ,
256 3257 386 3322 llinilull
420 3261 474 3329 des
503 3259 712 3324 Poseidonios
745 3265 899 3325 erwarteu
931 3262 1009 3344 dari,
1039 3262 1094 3324 hat
1122 3251 1454 3352 grosse‘hhnlichlreit
1481 3261 1537 3322 mil

255 3365 326 3434 den,
346 3365 427 3428 eben
458 3367 672 3448 angellihrten
702 3369 957 3450 protreplischen
981 3368 1249 3451 Ausflihrungen:
1282 3367 1374 3450 Quid,
1389 3368 1537 3449 mquam,

254 3472 356 3534 vlres
381 3475 553 3555 corp-oris
577 3473 635 3536 alis
660 3481 691 3537 et
714 3477 870 3538 exerces?
897 3475 1118 3539 Pecudibus
1142 3476 1218 3538 istas
1241 3476 1407 3538 maiores
1423 3475 1538 3537 feris-

256 3597 317 3669 que
346 3585 459 3642 natura
484 3581 649 3643 concessit.
698 3580 782 3656 Quid
806 3582 928 3651 excolis
951 3583 1130 3645 formam?
1178 3583 1258 3644 Cum
1283 3583 1390 3644 omnia
1413 3582 1538 3664 feceris

255 3687 386 3748 amutis
403 3687 594 3750 animalibus
619 3688 756 3752 decore
780 3689 927 3752 vinceris
964 3687 1048 3764 Quid
1067 3688 1216 3772 capillum
1234 3689 1358 3771 ingenti
1368 3687 1539 3771 ¹diligentia

255 3793 376 3855 comis?
401 3793 482 3856 Cum
505 3793 597 3855 illum
621 3796 672 3858 vel
701 3793 855 3858 effuderis
885 3814 973 3860 more
1003 3795 1195 3860 Parthorum
1223 3796 1275 3859 vel
1307 3787 1538 3860 Germanorum

253 3900 348 3963 niodo
383 3901 535 3963 unxeris.
563 3902 621 3982 vel,
656 3905 691 3964 ut
713 3901 851 3982 Scythae
884 3902 995 3984 solent,
1029 3903 1191 3984 sparseris,
1220 3901 1427 3984 in.:quolihet
1455 3921 1537 3982 equo

240 3993 385 4070 ·densior
404 4007 574 4070 iactabitur
593 4007 677 4089 iuba,
701 4009 843 4071 horrebit
858 4009 892 4072 in
913 4009 1065 4072 leonum
1083 4009 1208 4072 cervice
1224 4009 1422 4071 formonsi0u
1457 4009 1538 4071 Cum

254 4119 284 4178 le
316 4112 356 4176 ad
387 4114 636 4177 velocitatem
668 4116 837 4197 paraveris,
869 4135 927 4198 par
953 4116 1157 4198 lepusculo
1191 4135 1255 4177 uon
1287 4116 1359 4180 eris.
1391 4115 1472 4177 =Vis
1503 4117 1538 4178 lu

254 4219 383 4301 relictio,
418 4221 452 4281 in
484 4221 600 4300 quibus
631 4222 718 4285 vinci
748 4224 779 4284 te
810 4241 941 4286 necesse
972 4226 1027 4303 est,
1059 4221 1135 4284 dum
1164 4223 1200 4283 iu
1224 4212 1328 4286 aliena
1345 4210 1481 4304 'niteris'
1500 4221 1539 4284 ad

256 4325 394 4388 bonum
416 4328 562 4390 reverti
585 4328 712 4389 tuum?
743 4327 835 4403 Quod
859 4321 907 4392 est
929 4328 1012 4392 hoc?
1041 4330 1180 4391 Animus
1204 4320 1328 4391 sollicet
1352 4329 1538 4392 emendatus

256 4452 292 4496 ao
315 4452 423 4515 purus,
452 4434 628 4496 aemulator
652 4435 712 4516 dei,
743 4454 839 4518 super
868 4437 1008 4499 humana
1031 4454 1065 4498 se
1090 4435 1256 4517 extollens,
1285 4435 1367 4497 nihil
1391 4439 1480 4498 extra
1504 4455 1538 4499 se

254 4539 305 4600 sui
321 4559 451 4622 ponens.
484 4540 555 4622 Vgl.
574 4541 655 4604 auch
669 4541 741 4608 Seu.
753 4561 799 4624 cp.
810 4547 861 4624 31,
873 4545 1016 4622 10-11;
1034 4545 1198 4624 41,l-e;
1214 4544 1267 4623 176,
1281 4545 1404 4619 9-103
1423 4545 1474 4624 84,
1490 4546 1538 4608 11.
1577 4580 1581 4588 ·
