3560 5034
795 1213 1026 1352 Anhang.

845 1467 922 1489 ...0-

678 1705 975 1792 Curriculum
1003 1710 1145 1792 vitae.

379 1925 484 1989 Natus
516 1947 589 1989 sum
620 1948 683 2010 ego
714 1927 908 1990 Franciscus
931 1927 1094 2008 Josephus
1119 1929 1223 2012 Engel
1247 1951 1275 1995 a.
1300 1929 1331 1994 d.
1359 1930 1413 1996 IV.
1439 1929 1552 1993 Nonas

274 2034 375 2096 Maias
400 2034 476 2096 anni
500 2031 776 2106 MDCCCLXVH
805 2037 837 2096 in
860 2036 933 2096 vico
957 2055 1060 2115 prope
1085 2033 1366 2119 Schafnaburgam
1391 2039 1464 2114 sit0‚
1497 2039 1553 2120 qui

274 2139 552 2224 Heigenbri'rcken
577 2141 767 2221 appellatur.
808 2143 885 2204 Inde
903 2145 968 2205 mei
991 2145 1164 2230 etiamtum
1188 2145 1318 2206 inlantis
1343 2154 1495 2224 parentes
1520 2145 1553 2206 in

274 2247 410 2311 alteram
434 2248 636 2318 Franconiae
653 2250 816 2312 Inferioris
840 2261 977 2331 partem,
1003 2271 1067 2333 qua
1091 2252 1133 2313 ad
1157 2252 1319 2314 orientem
1343 2251 1395 2314 illa
1419 2251 1552 2333 quidem

275 2367 413 2437 spectat,
436 2360 748 2441 transmigraverunt
765 2359 946 2441 sedemque
964 2361 995 2420 in
1011 2359 1170 2441 oppidulo
1187 2361 1438 2436 constituerunt,
1463 2359 1554 2441 quod

274 2465 342 2526 Zeil
366 2475 494 2530 vocant.
1118 2466 1119 2473 '

381 2589 527 2672 Expleto
552 2593 596 2655 ibi
620 2593 749 2655 decimo
774 2595 889 2655 aetatis
914 2613 1000 2656 anno
1025 2613 1100 2655 cum
1125 2593 1238 2656 relicto
1262 2593 1450 2656 litteratoris
1474 2591 1553 2655 ludo

277 2697 394 2760 latinae
423 2719 627 2782 graecaeque
651 2698 778 2784 linguae
803 2698 945 2781 primum
969 2700 1142 2778 Hasslurti,
1176 2702 1296 2764 deinde
1320 2701 1553 2782 Babenbergae

277 2824 410 2886 operam
436 2807 512 2868 dare
538 2809 733 2887 coepissem,
758 2816 825 2874 tam
851 2828 1010 2888 prospero
1035 2810 1068 2870 in
1091 2809 1316 2889 perdiscendis
1340 2810 1553 2891 ingenuarum

277 2912 394 2974 artium
426 2913 597 2976 elementis
629 2905 804 2979 usus'sum
829 2927 960 2994 eventu,
992 2928 1027 2980 ut
1058 2919 1221 2996 percursis
1253 2918 1409 2996 deinceps
1433 2934 1553 2978 novem

277 3022 437 3104 gymnasii
461 3021 619 3085 classibus
645 3025 836 3086 vicesimum
853 3025 968 3086 aetatis
994 3043 1115 3086 annum
1139 3043 1239 3107 agens
1264 3025 1347 3086 inter
1369 3025 1458 3085 cives
1482 3041 1553 3083 aca-

278 3128 425 3190 demicos
450 3129 668 3192 universitatis
694 3130 872 3194 litterarum
897 3131 1105 3194 Monacensis
1129 3141 1282 3210 receptus
1307 3132 1377 3195 sim.

375 3255 433 3317 ‘lbi
456 3274 532 3318 cum
563 3257 604 3318 ad
635 3257 828 3318 ediscendas
859 3259 1034 3336 praecipue
1067 3257 1190 3320 litteras
1214 3277 1346 3341 graecas
1377 3265 1409 3318 et
1440 3255 1553 3318 latinas

279 3382 336 3441 per
370 3371 525 3443 quattuor
557 3383 661 3425 annos
696 3383 926 3440 commorarer,
963 3364 1085 3426 multus
1117 3385 1205 3427 eram
1240 3367 1272 3426 in
1307 3361 1553 3445 frequentandis

279 3469 399 3532 scholis
423 3471 567 3532 virorum
591 3470 692 3554 gloria
715 3473 927 3534 humanitatis
951 3493 989 3534 ac
1020 3473 1189 3536 doctrinae
1213 3472 1476 3544 clarissimorum,
1508 3471 1554 3530 in-

279 3578 391 3657 primis
421 3576 574 3659 Guilelmi
599 3577 728 3656 Christi,
761 3579 905 3642 Eduardi
930 3579 1100 3657 Wolfflini,
1132 3579 1262 3642 Rudolfi
1290 3576 1422 3654 Schdlli,
1454 3586 1554 3658 atque

216 3741 218 3745 .
280 3705 320 3748 ne
337 3686 501 3748 seminarii
519 3687 651 3766 quidem
665 3686 852 3770 philologici
869 3688 977 3769 segnis
991 3697 1046 3750 aut
1059 3689 1155 3749 deses
1172 3688 1217 3749 fui
1235 3685 1350 3749 cultor.
1375 3685 1554 3746 Brunnium

279 3813 413 3875 quoque
437 3792 618 3855 Henricum
642 3794 683 3855 de
701 3788 923 3856 monumentis
938 3796 1015 3856 artis
1035 3804 1183 3857 veterum
1207 3793 1398 3854 doctissime
1422 3801 1455 3853 et
1478 3793 1555 3852 sub·

279 3901 427 3964 tilissime
440 3900 658 3962 disserentem
676 3919 736 3962 nec
750 3919 817 3961 non
830 3899 1015 3984 Helgelium
1029 3912 1062 3964 et
1080 3901 1289 3963 Grauertium
1302 3901 1388 3962 viros
1401 3899 1555 3962 historiae

280 4009 496 4088 peritissimos
509 4007 627 4070 audivi.
641 4003 733 4070 Alios
747 4017 916 4088 praeterea
928 4011 1014 4070 viros
1027 4009 1177 4070 doctrina
1189 4007 1399 4084 excellentes,
1414 4027 1555 4087 quorum

199 4102 201 4106 ’
269 4116 503 4179 4111111111011111115
520 4125 590 4176 tum
611 4135 688 4177 usus
706 4134 789 4191 sum,
801 4117 998 4178 'enumerare
1015 4115 1148 4198 longum
1165 4124 1225 4176 est.
1259 4114 1387 4194 Quibus
1404 4115 1558 4178 omnibus.

281 4241 341 4300 pro
365 4224 585 4300 incrementis,
611 4237 756 4304 quae'ex
772 4222 1028 4306 uniuscuiusque
1045 4243 1160 4286 eorum
1176 4221 1296 4285 scholis
1314 4223 1441 4284 animus
1458 4221 1554 4300 cepit,

282 4331 418 4411 gratiam
442 4330 549 4392 haheo
573 4351 672 4412 quam
698 4332 884 4395 maximam.

389 4453 458 4516 Nec
489 4457 649 4533 paenituit
676 4473 729 4518 me
759 4475 879 4536 operae
910 4458 942 4518 in
973 4466 1024 4519 tot
1048 4465 1182 4537 tamque
1211 4455 1315 4536 plenis
1346 4453 1556 4517 humanitatis

282 4564 380 4627 rebus
411 4574 638 4643 consumptae.
676 4561 761 4627 Nam
792 4565 964 4627 transactis
995 4563 1096 4626 modo
1128 4561 1243 4626 studiis
1274 4561 1469 4625 academicis
1499 4561 1557 4622 viri
