3348 5248
142 444 333 521 doctissimi,
368 465 442 508 eum
476 444 606 526 publice
640 467 683 508 ex
716 465 779 522 me,
814 456 973 526 quantum
1007 447 1230 526 profecissem,
1264 449 1421 510 sciscitati

142 563 262 629 essent,
283 554 370 616 haud
387 555 546 633 imparem
564 575 617 616 me
635 555 763 615 muneri
775 555 921 636 magistri
936 553 1145 637 gymnasialis
1162 553 1419 619 declaraverunt.

142 660 249 723 Isdem
275 662 341 723 sere
366 663 571 741 temporibus
591 681 684 724 curas
705 662 833 728 criticas
858 663 890 722 in
908 663 992 724 duos
1010 660 1195 724 Aristotelis
1210 660 1420 724 Politicorum

143 768 233 830 locos
267 770 360 849 quasi
392 771 550 849 primitias
585 770 778 831 eruditionis
812 770 844 830 in
878 768 984 830 lucem
1018 769 1106 832 edidi
1137 790 1201 832 nna
1231 789 1307 833 eum
1332 788 1421 844 come

144 877 401 939 mentationibus
433 877 492 938 illis
523 876 737 959 philologieis
772 897 853 956 quas
885 876 1015 939 sodales
1043 879 1212 940 seminarii
1245 875 1422 940 conventui

144 968 383 1068 philologorum
420 986 584 1048 Monachii
619 995 690 1047 tum
727 993 999 1068 congregatorum
1040 985 1232 1048 offerebant.
1272 984 1421 1048 Alterum

143 1095 263 1156 deinde
294 1113 445 1169 examen,
479 1093 568 1174 quod
599 1092 740 1173 speciale
772 1103 916 1172 vocatur,
951 1094 1082 1156 duobus
1107 1094 1199 1155 annis
1223 1102 1299 1173 post
1323 1113 1422 1175 quam

145 1223 187 1264 ex
211 1202 386 1264 doctorum
411 1201 609 1264 umbraculis
633 1201 674 1263 ad
699 1202 944 1281 suscipiendum
963 1221 1082 1265 munus
1100 1200 1221 1281 publici
1245 1221 1422 1281 puerorum

146 1311 290 1392 magistri
314 1309 500 1388 prodieram
525 1328 590 1370 non
615 1310 685 1370 sine
709 1309 805 1371 laude
829 1309 1004 1371 exantlavi.

250 1415 452 1496 Scripseram
478 1418 565 1478 enim
589 1426 660 1478 tum
684 1417 1063 1506 commentatiunculam,
1089 1438 1154 1498 qua
1179 1416 1368 1481 Fluviorum
1392 1418 1424 1478 in

146 1524 284 1587 Hesiodi
300 1523 493 1607 Theogonia
518 1524 656 1607 catalogi
678 1522 769 1608 (Hes¹
788 1523 915 1607 Theog.
934 1545 1033 1588 verss,
1052 1521 1241 1606 337-345)
1266 1525 1424 1607 originem

147 1634 244 1694 certis
268 1643 456 1712 temporum
482 1633 599 1694 finibus
624 1633 891 1694 circumscribere
915 1653 953 1694 ac
978 1633 1196 1694 determinare
1221 1634 1372 1695 conabar.

253 1740 376 1801 Verum
401 1740 475 1801 huie
505 1740 596 1818 operi
621 1737 802 1801 admodum
827 1739 948 1801 difficili
980 1726 1012 1800 et
1037 1760 1195 1820 perquam
1220 1739 1345 1801 lubrico
1370 1740 1425 1801 de-

147 1849 273 1910 fuerant
298 1848 547 1928 quodammodo
564 1847 647 1908 vires
665 1856 697 1909 et
714 1846 894 1910 consilium.
920 1846 1138 1910 Nihilominus
1162 1849 1220 1909 viri
1244 1848 1425 1910 doctissimi

148 1955 343 2035 opuseulum
373 1956 597 2017 examinatum
623 1956 666 2016 ita
690 1963 779 2016 certe
803 1957 1112 2034 comprobaverunt,
1143 1965 1178 2016 ut
1203 1955 1349 2017 dicerent
1373 1975 1426 2016 me

148 2064 210 2124 etsi
234 2085 253 2124 a
276 2064 385 2125 dubiis
410 2062 616 2124 multifariam
640 2063 807 2142 principiis
832 2082 943 2124 orsum
969 2083 1041 2124 esse
1066 2082 1247 2142 parumque
1271 2072 1361 2124 certa
1386 2061 1426 2124 de

149 2165 287 2253 catalogi
315 2169 399 2232 illius
428 2170 551 2252 origine
576 2148 739 2244 statuisse,
770 2178 881 2231 tamen
911 2190 949 2231 ea
974 2189 1058 2250 quae
1083 2170 1123 2230 ad
1153 2171 1257 2260 ipsam
1286 2188 1355 2230 rem
1381 2169 1426 2230 in-

148 2278 374 2360 vestigandam
399 2278 610 2356 pertinerent,
635 2295 711 2337 cum
735 2275 901 2358 diligentia
925 2276 1108 2355 explicasse
1132 2286 1304 2355 totamque
1328 2295 1426 2355 quae·

149 2386 290 2446 stionem
315 2385 439 2446 ratione
463 2405 500 2445 ac
524 2385 575 2444 via
598 2392 808 2463 persecutum
833 2403 915 2447 esse.

257 2491 302 2555 At
327 2511 388 2575 ego
414 2511 613 2572 quamquam
632 2493 791 2572 probatus
809 2493 853 2553 ita
876 2491 1019 2554 iudicum
1038 2492 1208 2552 sententiis
1226 2510 1292 2552 non
1316 2500 1427 2552 tamen

150 2601 299 2663 sufficere
329 2620 402 2662 eam
432 2597 561 2661 laudem
591 2600 632 2660 ad
662 2599 886 2678 appetendam
913 2599 1059 2662 doctoris
1092 2619 1224 2679 quoque
1249 2598 1427 2660 academici

150 2709 343 2791 dignitatem
369 2707 543 2769 arbitratus
567 2707 706 2767 retinere
731 2707 772 2766 ad
796 2716 927 2785 tempus
953 2706 1094 2768 libellum
1121 2725 1231 2768 meum
1255 2714 1427 2785 totamque

150 2836 220 2878 rem
244 2815 319 2876 inde
345 2835 363 2876 a
387 2815 499 2893 primis
518 2813 690 2875 elementis
709 2813 818 2875 denuo
844 2815 1064 2896 pervestigare
1082 2814 1113 2873 in
1133 2815 1277 2874 animum
1302 2812 1425 2875 induxi.

150 2923 216 2986 Sed
242 2943 308 3004 quo
334 2923 436 3004 magis
461 2923 492 2983 in
518 2941 618 3000 opere
643 2921 811 2996 desudavi,
836 2940 876 2981 eo
902 2921 1004 3003 magis
1030 2922 1061 2981 in
1086 2921 1155 2982 dies
1181 2918 1327 2982 intellexi
1351 2918 1428 2981 nihil

151 3033 191 3092 de
225 3029 364 3111 catalogi
397 3030 520 3112 origine
554 3028 673 3090 certius
707 3029 806 3089 statui
835 3048 933 3107 posse
958 3029 1019 3089 nisi
1043 3029 1075 3089 id
1109 3029 1200 3109 quod
1224 3026 1427 3089 Muetzellius

151 3158 283 3218 quoque
308 3137 433 3199 dudum
450 3136 655 3198 intellexerat
680 3135 734 3219 (de
751 3137 982 3198 emendatione
998 3135 1211 3217 Theogoniae
1229 3135 1426 3210 Hesiodeae,

152 3245 240 3324 Lips.
278 3242 375 3327 1833)
409 3246 472 3305 iam
505 3243 663 3304 Pisistrati
695 3244 901 3322 temporibus
934 3244 1070 3305 eosdem
1105 3241 1185 3319 illos
1222 3262 1306 3323 quos
1332 3261 1427 3311 ,nune

151 3373 283 3435 quoque
308 3351 456 3434 legimuS,
482 3352 565 3413 inter
590 3361 718 3412 ceteros
742 3350 955 3433 Theogoniae
981 3371 1092 3413 versus
1117 3351 1247 3412 obviam
1273 3350 1382 3412 fuisse.

256 3459 332 3520 Non
361 3461 464 3521 caruit
493 3468 604 3520 tamen
635 3479 778 3541 prorsus
809 3467 844 3518 ut
873 3459 999 3537 opinor,
1031 3457 1121 3519 labor
1153 3477 1246 3519 meus
1275 3456 1427 3518 mercede

151 3588 188 3630 ac
220 3568 336 3628 sruetu.
372 3565 456 3626 Nam
491 3567 569 3628 dum
606 3567 637 3625 in
671 3565 898 3626 examinandis
930 3564 988 3626 illis
1020 3564 1142 3627 Fluviis
1164 3565 1215 3635 'ad
1244 3563 1426 3626 Homerum

152 3674 255 3736 multo
288 3675 391 3756 magis
424 3693 523 3752 quam
556 3673 597 3735 ad
631 3673 737 3751 ipsum
764 3671 947 3735 Hesiodum
981 3692 1122 3748 recurre,
1156 3665 1235 3734 alius
1270 3673 1362 3751 isque
1395 3672 1426 3731 in

152 3781 304 3862 Odyssea
328 3783 467 3844 occurrit
493 3781 570 3842 mihi
594 3779 696 3856 locuS,
728 3780 769 3841 de
795 3800 861 3859 quo
885 3800 960 3842 eum
985 3779 1036 3840 alii
1060 3778 1152 3841 aliter
1175 3779 1282 3841 adhue
1306 3778 1426 3840 iudiea-

152 3891 256 3952 verint
281 3899 313 3951 et
346 3889 444 3950 hodie
470 3907 613 3968 quoque,
649 3896 684 3950 ut
708 3886 871 3970 intellege,
907 3907 972 3949 non
1007 3905 1122 3949 omnes
1154 3887 1240 3948 idem
1275 3886 1426 3961 sentiant,

152 3998 335 4059 accuratius
364 3997 524 4058 disserere
548 4015 615 4056 non
639 3994 780 4058 alienum
812 4005 867 4057 aut
892 4015 1026 4074 prorsus
1050 3993 1162 4057 inutile
1178 3995 1265 4055 'mihi
1290 3993 1425 4055 videtur.

259 4103 366 4184 Quam
383 4123 501 4165 novam
517 4103 777 4165 lucubrationem
792 4103 911 4165 iudicio
925 4099 1189 4164 doctissimorum
1204 4101 1426 4180 professorum

152 4212 423 4292 illustrissimique
453 4211 574 4273 ordinis
604 4209 843 4293 philologorum
869 4210 1077 4272 Monacensis
1108 4228 1195 4270 nunc
1219 4208 1426 4270 committere

151 4319 268 4384 aude0.

259 4426 386 4508 Quibus
416 4435 525 4489 autem
557 4427 589 4487 in
618 4425 849 4504 pertractando
880 4444 980 4504 opere
1010 4443 1088 4486 usus
1113 4424 1172 4484 sim
1202 4421 1290 4485 libris
1314 4431 1348 4483 et
1372 4421 1427 4482 ad-

153 4535 322 4613 miniculis,
348 4535 469 4618 quippe
494 4554 568 4596 cum
602 4533 634 4594 in
658 4531 791 4616 singulis
815 4531 913 4595 libelli
937 4532 1072 4615 paginis
1105 4549 1314 4613 quacumque
1343 4548 1426 4609 opus
